@article{lagrange:hal-01082501,
  TITLE = {{The bag-of-frames approach: a not so sufficient model for urban soundscapes}},
  AUTHOR = {Lagrange, Mathieu and Lafay, Gr{\'e}goire and Defreville, Boris and Aucouturier, Jean-Julien},
  URL = {https://hal.archives-ouvertes.fr/hal-01082501},
  JOURNAL = {{JASA Express Letters}},
  VOLUME = {138},
  NUMBER = {5},
  PAGES = {487-492},
  YEAR = {2015},
  MONTH = Oct,
  PDF = {https://hal.archives-ouvertes.fr/hal-01082501/file/lagrangeBof2014.pdf},
  HAL_ID = {hal-01082501},
  HAL_VERSION = {v2},
}

@ARTICLE{6847693, 
author={B. L. Sturm}, 
journal={IEEE Transactions on Multimedia}, 
title={A Simple Method to Determine if a Music Information Retrieval System is a Horse}, 
year={2014}, 
volume={16}, 
number={6}, 
pages={1636-1644}, 
keywords={information retrieval systems;music;Clever Hans;FoM;MIR evaluation;MIR system;dataset ground truth;figure-of-merit;music information retrieval system;musical knowledge;Accuracy;Feature extraction;Multiple signal classification;Semantics;Silicon;Standards;Vocabulary;2-WORK system performance;5-CONT content description and annotation;5-SEAR multimedia search and retrieval}, 
doi={10.1109/TMM.2014.2330697}, 
ISSN={1520-9210}, 
month={Oct},}

@article{aucouturier2007bag,
  title={The bag-of-frames approach to audio pattern recognition: A sufficient model for urban soundscapes but not for polyphonic music},
  author={Aucouturier, Jean-Julien and Defreville, Boris and Pachet, Fran{\c{c}}ois},
  journal={The Journal of the Acoustical Society of America},
  volume={122},
  number={2},
  pages={881--891},
  year={2007},
  publisher={Acoustical Society of America}
}